<record><leader>00000cas a22000007a 4500</leader><controlfield tag="001">11177477</controlfield><controlfield tag="008">840920d18741878mtuwr ne      0    0eng d</controlfield><datafield ind1=" " ind2=" " tag="010"><subfield code="a">sn 84038124 </subfield></datafield><datafield ind1=" " ind2=" " tag="040"><subfield code="a">NPX</subfield><subfield code="b">eng</subfield><subfield code="c">NPX</subfield><subfield code="d">MTL</subfield><subfield code="d">CNK</subfield><subfield code="d">UBY</subfield><subfield code="d">OCLCF</subfield><subfield code="d">OCLCO</subfield></datafield><datafield ind1=" " ind2=" " tag="042"><subfield code="a">msc</subfield></datafield><datafield ind1="0" ind2="4" tag="245"><subfield code="a">The Bozeman times.</subfield></datafield><datafield ind1=" " ind2=" " tag="260"><subfield code="a">Bozeman, Mont. :</subfield><subfield code="b">J.V. Bogert and M.M. Black,</subfield><subfield code="c">1874-1878.</subfield></datafield><datafield ind1=" " ind2=" " tag="300"><subfield code="a">4 v. ;</subfield><subfield code="c">60 cm.</subfield></datafield><datafield ind1=" " ind2=" " tag="310"><subfield code="a">Weekly</subfield></datafield><datafield ind1="0" ind2=" " tag="362"><subfield code="a">Vol. 1, no. 1 (Nov. 13, 1874)-v. 4, no. 36 (Aug. 29, 1878).</subfield></datafield><datafield ind1=" " ind2=" " tag="500"><subfield code="a">"The Interests of the Producer and Consumer are Mutual."</subfield></datafield><datafield ind1=" " ind2=" " tag="500"><subfield code="a">"Faithful and Fearless."</subfield></datafield><datafield ind1=" " ind2="0" tag="651"><subfield code="a">Bozeman (Mont.)</subfield><subfield code="v">Newspapers.</subfield></datafield><datafield ind1=" " ind2="7" tag="655"><subfield code="a">Newspapers.</subfield><subfield code="2">fast</subfield><subfield code="0">(OCoLC)fst01423814</subfield></datafield><datafield ind1=" " ind2="7" tag="651"><subfield code="a">Montana</subfield><subfield code="z">Bozeman.</subfield><subfield code="2">fast</subfield><subfield code="0">(OCoLC)fst01212107</subfield></datafield><datafield ind1=" " ind2=" " tag="752"><subfield code="a">United States</subfield><subfield code="b">Montana</subfield><subfield code="c">Gallatin</subfield><subfield code="d">Bozeman.</subfield></datafield></record>